Branch,Month,Discount_Amount,Net_Sales,Orders
ABHA Fran,2024-01,2112.26073,39186.86605,2367
ABHA Fran,2024-02,1881.04328,37639.99766,2431
ABHA Fran,2024-03,1033.91309,29247.82354,1931
ABHA Fran,2024-04,2244.34758,46960.51757,2876
ABHA Fran,2024-05,2026.0867,72394.29784,4274
ABHA Fran,2024-06,2265.2172,83976.51649,4818
ABHA Fran,2024-07,2336.52158,122290.4253,6375
ABHA Fran,2024-08,2346.95632,99622.60172,5389
ABHA Fran,2024-09,1475.6521,56655.99688,3631
ABHA Fran,2024-10,1979.30399,46867.65025,3245
ABHA Fran,2024-11,1453.21722,39002.43254,2688
ABHA Fran,2024-12,1585.65197,34234.34675,2522
ABHA Fran,2025-01,1562.17394,34191.73783,2468
ABHA Fran,2025-02,1880.86947,29588.47787,2383
ABHA Fran,2025-03,979.13038,23460.86879,1619
ABHA Fran,2025-04,1394.78249,45944.34578,3012
ABHA Fran,2025-05,2144.34772,57869.56192,3800
ABHA Fran,2025-06,2226.08689,70014.7796,4617
ABHA Fran,2025-07,3030.43466,115880.8682,6628
ABHA Fran,2025-08,2706.30415,147350.2156,7831
ABHA Fran,2025-09,2286.60861,62973.39153,4309
ABHA Fran,2025-10,1948.52154,52082.78352,3677
AirPort,2024-01,2200.9129,62095.60243,4119
AirPort,2024-02,2907.04307,66763.04111,4468
AirPort,2024-03,1565.26082,46487.7797,3118
AirPort,2024-04,2982.60829,69120.42993,4358
AirPort,2024-05,4837.39051,90388.94786,5824
AirPort,2024-06,3720.86902,97173.25142,5644
AirPort,2024-07,4485.21686,121287.5957,6527
AirPort,2024-08,4156.52113,151901.7214,8101
AirPort,2024-09,4876.52141,126545.3786,7434
AirPort,2024-10,6126.08526,141175.6399,8554
AirPort,2024-11,4345.04276,125683.6408,7230
AirPort,2024-12,6105.91238,118705.3816,7283
AirPort,2025-01,4451.7392,121544.7728,7098
AirPort,2025-02,6395.21687,129211.7289,7509
AirPort,2025-03,3460.86931,95874.77305,5364
AirPort,2025-04,4662.82556,155200.6366,8666
AirPort,2025-05,5082.60816,166943.4604,9021
AirPort,2025-06,4852.60818,145500.422,7916
AirPort,2025-07,5191.65175,152430.9482,8230
AirPort,2025-08,5750.08637,169175.1235,8789
AirPort,2025-09,6685.82553,154336.7774,8930
AirPort,2025-10,6427.47787,135851.6473,7983
Al-azzam mall,2024-01,1667.30443,39074.43069,1952
Al-azzam mall,2024-02,1559.6954,38324.56363,2057
Al-azzam mall,2024-03,793.91299,37911.30081,1931
Al-azzam mall,2024-04,1093.91291,30910.86684,1645
Al-azzam mall,2024-05,1439.13019,38233.60449,1827
Al-azzam mall,2024-06,733.04336,44432.4302,2079
Al-azzam mall,2024-07,826.95644,43202.16942,1923
Al-azzam mall,2024-08,630.43472,35559.99656,1722
Al-azzam mall,2024-09,1018.26082,48373.56052,2409
Al-azzam mall,2024-10,1778.12988,46126.21343,2277
Al-azzam mall,2024-11,1442.17359,46880.43038,2173
Al-azzam mall,2024-12,1457.44331,43217.33518,2036
Al-azzam mall,2025-01,1189.56543,41159.12686,1959
Al-azzam mall,2025-02,1216.52186,37759.99765,1879
Al-azzam mall,2025-03,1165.21737,48598.25647,2296
Al-azzam mall,2025-04,813.69564,23627.17195,1214
Al-azzam mall,2025-05,968.69552,42481.73503,2051
Al-azzam mall,2025-06,432.17388,32415.64938,1559
Al-azzam mall,2025-07,733.39132,39573.56318,1744
Al-azzam mall,2025-08,1241.08689,45447.60661,1905
Al-azzam mall,2025-09,610.00003,38426.52088,1688
Al-azzam mall,2025-10,590.17391,41673.30288,1835
Arrisa -Fran,2024-01,1033.21747,30395.4745,1739
Arrisa -Fran,2024-02,2333.30478,33839.90911,2009
Arrisa -Fran,2024-03,1360.52196,24075.99712,1475
Arrisa -Fran,2024-04,2134.91297,27937.25697,1757
Arrisa -Fran,2024-05,1464.8262,36129.08176,2025
Arrisa -Fran,2024-06,1225.99985,33677.4738,1950
Arrisa -Fran,2024-07,978.60859,16664.86729,979
Arrisa -Fran,2024-08,3081.73855,68700.86217,4789
Arrisa -Fran,2024-09,2562.69559,73722.167,5342
Arrisa -Fran,2024-10,3045.7818,79166.38513,5947
Arrisa -Fran,2024-11,2583.04314,65020.43043,5002
Arrisa -Fran,2024-12,3077.13013,67046.34439,5272
Arrisa -Fran,2025-01,2720.86966,68051.30163,5411
Arrisa -Fran,2025-02,3565.65209,77009.12826,6118
Arrisa -Fran,2025-03,2146.08692,69462.60616,5029
Arrisa -Fran,2025-04,3227.82575,94892.16937,7457
Arrisa -Fran,2025-05,4147.8257,102506.0781,8330
Arrisa -Fran,2025-06,4496.26062,100767.2071,8004
Arrisa -Fran,2025-07,3722.60826,112054.7766,8820
Arrisa -Fran,2025-08,4296.73852,127905.8646,9409
Arrisa -Fran,2025-09,5110.86936,116270.8658,9010
Arrisa -Fran,2025-10,5014.73892,118298.3016,9181
Ber Asker,2024-12,4885.44291,15050.20677,1012
Ber Asker,2025-01,6832.61136,28600.43257,2761
Ber Asker,2025-02,2324.56557,37174.34494,2721
Ber Asker,2025-03,794.78257,28033.90993,1681
Ber Asker,2025-04,878.26072,33395.64908,2346
Ber Asker,2025-05,950.43468,31806.95303,2233
Ber Asker,2025-06,5221.56476,25492.34497,1940
Ber Asker,2025-07,0,0,8
Ber Asker,2025-08,608.913,38978.04353,2225
Ber Asker,2025-09,1534.69548,60735.73895,3920
Ber Asker,2025-10,1958.52172,51645.82578,3616
Fran GIWILLA,2024-01,979.78249,37262.82262,2736
Fran GIWILLA,2024-02,1408.95631,40024.60865,3109
Fran GIWILLA,2024-03,1032.86951,34332.34613,2511
Fran GIWILLA,2024-04,1641.73888,36844.34547,2577
Fran GIWILLA,2024-05,1700.86934,40627.82268,3085
Fran GIWILLA,2024-06,1988.69538,46800.8651,3201
Fran GIWILLA,2024-07,2271.30407,53858.25592,3603
Fran GIWILLA,2024-08,1965.21714,64957.38569,4365
Fran GIWILLA,2024-09,1512.52162,51224.51844,3773
Fran GIWILLA,2024-10,2078.78221,53979.47566,4063
Fran GIWILLA,2024-11,1840.34758,53608.34398,3821
Fran GIWILLA,2024-12,2207.86056,49561.70113,3839
Fran GIWILLA,2025-01,2023.04342,45636.95468,3828
Fran GIWILLA,2025-02,1926.95638,43823.47702,3730
Fran GIWILLA,2025-03,1363.99989,36919.47675,3001
Fran GIWILLA,2025-04,1919.99976,46575.65025,4000
Fran GIWILLA,2025-05,1983.91284,47044.78015,4071
Fran GIWILLA,2025-06,2694.95624,54279.82153,4353
Fran GIWILLA,2025-07,1987.82593,53554.78047,4072
Fran GIWILLA,2025-08,2191.08672,78465.43182,5177
Fran GIWILLA,2025-09,2572.78236,71027.21535,4910
Fran GIWILLA,2025-10,2570.52149,69726.86788,4734
HAFERAL-BATEN Fran,2024-01,404.34781,31210.43831,2308
HAFERAL-BATEN Fran,2024-02,905.21748,29929.91853,2383
HAFERAL-BATEN Fran,2024-03,323.47838,21136.52465,1796
HAFERAL-BATEN Fran,2024-04,338.26097,20290.61215,1783
HAFERAL-BATEN Fran,2024-05,289.5652,21488.69916,1957
HAFERAL-BATEN Fran,2024-06,260.86958,15868.003,1396
HAFERAL-BATEN Fran,2024-07,203.47828,15392.52387,1307
HAFERAL-BATEN Fran,2024-08,201.73913,14673.74163,1390
HAFERAL-BATEN Fran,2024-09,295.65217,14362.4377,1387
HAFERAL-BATEN Fran,2024-10,147.82605,15724.17685,1475
HAFERAL-BATEN Fran,2024-11,340.08696,12373.82811,1241
HAFERAL-BATEN Fran,2024-12,238.3652,12856.07139,1347
HAFERAL-BATEN Fran,2025-01,410.50436,12213.87976,1185
HAFERAL-BATEN Fran,2025-02,3836.26937,19209.24424,1608
HAFERAL-BATEN Fran,2025-03,370.43474,12197.39068,866
HAFERAL-BATEN Fran,2025-04,318.26084,12173.04282,960
HAFERAL-BATEN Fran,2025-05,240.86952,11297.39057,850
HAFERAL-BATEN Fran,2025-06,167.86958,11532.78215,960
HAFERAL-BATEN Fran,2025-07,250.43477,10675.65191,877
HAFERAL-BATEN Fran,2025-08,316.73912,12115.43457,909
HAFERAL-BATEN Fran,2025-09,237.13044,11382.86971,906
HAFERAL-BATEN Fran,2025-10,250.08697,10533.39165,883
HOBONA Fran,2024-01,4079.95601,66404.38527,4130
HOBONA Fran,2024-02,6224.47738,66965.77969,4274
HOBONA Fran,2024-03,3951.30397,69966.08178,4309
HOBONA Fran,2024-04,7464.34692,93173.94997,5768
HOBONA Fran,2024-05,7107.8251,105106.0344,6352
HOBONA Fran,2024-06,6007.82545,119563.294,6742
HOBONA Fran,2024-07,8589.56416,141059.9872,7366
HOBONA Fran,2024-08,7996.52062,151679.1158,8126
HOBONA Fran,2024-09,6320.34729,107726.4258,6553
HOBONA Fran,2024-10,7495.56361,110284.4268,6933
HOBONA Fran,2024-11,5513.82522,98253.12258,5936
HOBONA Fran,2024-12,5996.39935,83738.37652,5252
HOBONA Fran,2025-01,5813.6521,83551.55919,5166
HOBONA Fran,2025-02,5334.78227,81147.8208,5081
HOBONA Fran,2025-03,5183.47766,92540.86197,5446
HOBONA Fran,2025-04,6677.39061,101057.3826,6571
HOBONA Fran,2025-05,7370.43414,105777.3811,6641
HOBONA Fran,2025-06,7981.69477,119500.0327,7283
HOBONA Fran,2025-07,6897.39062,143841.7304,7923
HOBONA Fran,2025-08,7277.60788,149656.2963,7777
HOBONA Fran,2025-09,6457.99933,115073.3,6994
HOBONA Fran,2025-10,6171.65154,111037.0395,6775
Jazan Fran,2024-01,300.60864,41606.34645,3020
Jazan Fran,2024-02,569.7391,32412.69648,2523
Jazan Fran,2024-03,290.43475,18306.08679,1472
Jazan Fran,2024-04,661.73906,24306.95618,1948
Jazan Fran,2024-05,561.73904,35133.21631,2778
Jazan Fran,2024-06,578.26083,29825.2162,2378
Jazan Fran,2024-07,729.56513,40302.60625,2940
Jazan Fran,2024-08,685.21732,42048.69358,3110
Jazan Fran,2024-09,565.21734,33524.34701,2783
Jazan Fran,2024-10,906.60856,39147.30254,3225
Jazan Fran,2024-11,652.69557,41279.47594,3069
Jazan Fran,2024-12,1112.62596,48076.93726,3565
Jazan Fran,2025-01,926.95648,45871.30253,3473
Jazan Fran,2025-02,785.21737,33498.25997,2754
Jazan Fran,2025-03,389.56513,13991.30275,1094
Jazan Fran,2025-04,753.04339,32150.4336,2628
Jazan Fran,2025-05,804.7825,36748.25975,2995
Jazan Fran,2025-06,726.08692,32933.91196,2739
Jazan Fran,2025-07,958.26079,38727.82613,3049
Jazan Fran,2025-08,1085.21731,41794.78279,3219
Jazan Fran,2025-09,840.43472,33667.39132,2641
Jazan Fran,2025-10,1459.30439,44705.91339,3155
Khobash Fran,2024-06,0,10.43478,1
Khobash Fran,2024-07,1836.52157,82146.94658,3661
Khobash Fran,2024-08,1136.52155,68239.1223,3351
Khobash Fran,2024-09,846.08686,56275.82027,3052
Khobash Fran,2024-10,1161.91276,51510.25626,2883
Khobash Fran,2024-11,784.43462,43409.47419,2458
Khobash Fran,2024-12,787.02608,38577.31862,2460
Khobash Fran,2025-01,349.56532,43474.77889,2660
Khobash Fran,2025-02,393.04353,39399.12778,2480
Khobash Fran,2025-03,270.43484,37539.12793,2321
Khobash Fran,2025-04,430.43479,53170.42951,3244
Khobash Fran,2025-05,465.65216,57097.81982,3506
Khobash Fran,2025-06,728.78257,54812.95077,3226
Khobash Fran,2025-07,580.43475,60055.21279,3488
Khobash Fran,2025-08,621.08687,71704.12529,4092
Khobash Fran,2025-09,369.13045,60036.95198,3604
Khobash Fran,2025-10,479.13047,58403.47497,3549
Makkah-ZAIDI Fran,2024-06,0,17.3913,1
Makkah-ZAIDI Fran,2024-07,310.43473,14390.95579,997
Makkah-ZAIDI Fran,2024-08,1035.04331,35775.73769,2525
Makkah-ZAIDI Fran,2024-09,513.04348,26674.78171,2030
Makkah-ZAIDI Fran,2024-10,661.73896,24020.86895,1862
Makkah-ZAIDI Fran,2024-11,738.43458,26848.52145,1961
Makkah-ZAIDI Fran,2024-12,843.13904,32492.51209,2487
Makkah-ZAIDI Fran,2025-01,602.78267,31533.73847,2499
Makkah-ZAIDI Fran,2025-02,947.5652,27641.99958,2244
Makkah-ZAIDI Fran,2025-03,325.21738,24654.78211,1807
Makkah-ZAIDI Fran,2025-04,621.30432,26933.47712,2072
Makkah-ZAIDI Fran,2025-05,502.86953,31378.86767,2428
Makkah-ZAIDI Fran,2025-06,576.78258,28943.21578,2251
Makkah-ZAIDI Fran,2025-07,387.82609,27745.39064,2106
Makkah-ZAIDI Fran,2025-08,701.69562,31382.82612,2303
Makkah-ZAIDI Fran,2025-09,585.04346,23613.21758,1997
Makkah-ZAIDI Fran,2025-10,299.13043,22546.08737,1836
Markeb,2024-12,2596.60842,8970.34736,687
Markeb,2025-01,5536.69817,26758.95592,2630
Markeb,2025-02,1140.43511,29970.65166,2152
Markeb,2025-03,196.52175,20652.82528,1343
Markeb,2025-04,1854.78235,23479.7815,1688
Markeb,2025-05,493.04341,24752.8248,1786
Markeb,2025-06,2603.43485,16515.47725,1243
Markeb,2025-07,0,0,1
Markeb,2025-08,1002.39117,32762.82578,2145
Markeb,2025-09,3789.04321,87662.2581,5697
Markeb,2025-10,3797.17376,91386.30153,6337
Nafora fran,2024-01,814.69564,51809.64677,2087
Nafora fran,2024-02,1424.39107,54372.38784,2427
Nafora fran,2024-03,707.91306,44153.82233,2025
Nafora fran,2024-04,1557.39103,64281.51513,2539
Nafora fran,2024-05,1508.69544,78796.9922,3291
Nafora fran,2024-06,1242.6085,89709.55588,3139
Nafora fran,2024-07,2165.21723,93388.03299,3274
Nafora fran,2024-08,1144.34763,97423.46787,3491
Nafora fran,2024-09,1508.69546,88203.1208,3305
Nafora fran,2024-10,2619.33846,92580.65168,3427
Nafora fran,2024-11,1277.73892,89306.5994,3187
Nafora fran,2024-12,2328.01714,85865.88737,3345
Nafora fran,2025-01,1723.91316,81314.34038,3027
Nafora fran,2025-02,2002.60845,64494.77638,2615
Nafora fran,2025-03,1330.43466,56002.6036,2225
Nafora fran,2025-04,1877.82586,72413.47251,2926
Nafora fran,2025-05,2657.39104,74143.47214,3245
Nafora fran,2025-06,1563.13028,70469.03722,2919
Nafora fran,2025-07,1605.6085,69420.47534,2857
Nafora fran,2025-08,1859.34759,70716.30187,3022
Nafora fran,2025-09,2187.99984,67814.60755,3358
Nafora fran,2025-10,2749.95632,64940.47758,3235
PARK VIEW,2024-01,1622.73902,34826.82259,2604
PARK VIEW,2024-02,2092.4781,32227.60891,2475
PARK VIEW,2024-03,2000.8694,33441.7385,2585
PARK VIEW,2024-04,2697.60837,47572.60613,3282
PARK VIEW,2024-05,2956.52132,54600.64826,3943
PARK VIEW,2024-06,4147.82546,66454.55969,4523
PARK VIEW,2024-07,5564.347,76197.60154,4920
PARK VIEW,2024-08,2982.60825,80846.94864,4965
PARK VIEW,2024-09,3104.34756,61343.64765,4306
PARK VIEW,2024-10,3310.608,56276.34449,4100
PARK VIEW,2024-11,2596.34747,54185.38798,3874
PARK VIEW,2024-12,4208.67773,49263.49444,3748
PARK VIEW,2025-01,3417.82596,53367.38855,3744
PARK VIEW,2025-02,3350.43454,58757.3881,3925
PARK VIEW,2025-03,3234.78234,60176.51914,4181
PARK VIEW,2025-04,3653.91254,68671.29874,4300
PARK VIEW,2025-05,3168.26054,65188.25398,3802
PARK VIEW,2025-06,3481.43439,58400.29986,3561
PARK VIEW,2025-07,2563.56488,66524.25758,3750
PARK VIEW,2025-08,2827.04311,65429.47566,3670
PARK VIEW,2025-09,2651.91283,54718.52011,3153
PARK VIEW,2025-10,2528.17379,48203.12943,3023
RABEGH Fran,2024-01,5730.52121,95866.86562,7301
RABEGH Fran,2024-02,5436.95593,91574.0892,7287
RABEGH Fran,2024-03,4191.30421,70679.99916,5639
RABEGH Fran,2024-04,6152.17327,92669.606,7078
RABEGH Fran,2024-05,5466.08613,105222.9966,8413
RABEGH Fran,2024-06,6077.39038,95538.60579,7113
RABEGH Fran,2024-07,6766.95567,98291.30279,7861
RABEGH Fran,2024-08,6773.04251,94729.56464,7664
RABEGH Fran,2024-09,5746.08636,99278.43381,8110
RABEGH Fran,2024-10,5942.25975,103662.4348,8547
RABEGH Fran,2024-11,5946.86865,88673.99681,7159
RABEGH Fran,2024-12,5771.35581,92139.94698,7738
RABEGH Fran,2025-01,6059.13024,90266.08724,7572
RABEGH Fran,2025-02,6166.95608,84616.52287,7158
RABEGH Fran,2025-03,4259.99948,68033.91096,5081
RABEGH Fran,2025-04,5965.21659,98298.25979,8147
RABEGH Fran,2025-05,6277.82524,101457.8266,8614
RABEGH Fran,2025-06,6229.60792,93320.82722,7854
RABEGH Fran,2025-07,5352.7384,93198.91761,7700
RABEGH Fran,2025-08,5272.26015,89316.95998,7191
RABEGH Fran,2025-09,5364.60822,91752.78731,7529
RABEGH Fran,2025-10,6177.99939,94590.69984,7759
Rejla fran,2025-05,1308.69555,48935.64862,3159
Rejla fran,2025-06,3467.6954,111292.2978,6640
Rejla fran,2025-07,2195.08678,128146.9971,7049
Rejla fran,2025-08,3109.26045,141742.91,7103
Rejla fran,2025-09,3321.04318,122698.0851,6879
Rejla fran,2025-10,3325.43445,114648.4779,7127
Roastery,2024-01,1462.6084,32528.68919,1669
Roastery,2024-02,1564.73876,32075.7765,1676
Roastery,2024-03,2545.21677,37549.55721,1915
Roastery,2024-04,3926.08598,61378.02987,2950
Roastery,2024-05,2968.91232,51710.38072,2752
Roastery,2024-06,4360.86872,83054.3348,4156
Roastery,2024-07,4885.21642,92494.11763,4788
Roastery,2024-08,3309.56453,97585.2055,4798
Roastery,2024-09,4429.56476,63917.38356,3447
Roastery,2024-10,3243.99935,63522.07937,3386
Roastery,2024-11,3265.04281,53619.29681,2838
Roastery,2024-12,3372.86881,51743.64563,2848
Roastery,2025-01,3246.95581,53623.47206,2810
Roastery,2025-02,3655.65144,52301.73282,2770
Roastery,2025-03,8771.303,84766.948,4190
Roastery,2025-04,4963.47723,79879.12199,4231
Roastery,2025-05,4886.95542,74554.77573,4098
Roastery,2025-06,5939.78148,86934.12122,4624
Roastery,2025-07,6135.08572,114520.5554,5726
Roastery,2025-08,6654.12932,110419.34,5411
Roastery,2025-09,8085.3034,74928.38656,4051
Roastery,2025-10,5145.26018,62686.69211,3149
Rose,2024-01,1911.52156,36104.99634,2824
Rose,2024-02,2591.84325,38126.24472,3037
Rose,2024-03,1472.73901,34447.25991,2703
Rose,2024-04,2691.304,50334.12788,3587
Rose,2024-05,3494.12992,45184.86618,3331
Rose,2024-06,2068.69534,41727.6048,2653
Rose,2024-07,3110.43431,50830.42881,2917
Rose,2024-08,1324.34764,48048.68976,2625
Rose,2024-09,1386.4347,37089.03982,2347
Rose,2024-10,2498.08632,35558.43221,2394
Rose,2024-11,1604.86931,33882.08449,2219
Rose,2024-12,1666.73022,34422.83284,2319
Rose,2025-01,1885.21739,37731.30214,2478
Rose,2025-02,2701.3041,43718.69315,2774
Rose,2025-03,1948.52162,46097.56218,2721
Rose,2025-04,2026.08676,52459.12606,2959
Rose,2025-05,1628.2608,53373.47303,2909
Rose,2025-06,1573.1303,49871.86596,2754
Rose,2025-07,1521.56512,56464.17068,2863
Rose,2025-08,1726.65193,56856.82423,2801
Rose,2025-09,938.78258,36106.43374,2041
Rose,2025-10,1367.47813,31613.39057,2180
SAGER,2024-01,2481.26065,68660.47182,4551
SAGER,2024-02,2469.47793,69101.91194,4612
SAGER,2024-03,1722.60867,52519.99671,3562
SAGER,2024-04,3448.69513,77919.64655,5019
SAGER,2024-05,6640.86835,106635.208,7013
SAGER,2024-06,4575.65149,110489.3376,6734
SAGER,2024-07,6581.73824,137606.0735,8050
SAGER,2024-08,4533.04295,159592.1576,9210
SAGER,2024-09,5059.47827,116778.2496,7466
SAGER,2024-10,5559.56357,116784.7728,7659
SAGER,2024-11,4241.99908,106109.2958,6940
SAGER,2024-12,4508.53855,99855.80159,6776
SAGER,2025-01,3714.78277,99916.51535,6673
SAGER,2025-02,3836.08681,104163.036,6880
SAGER,2025-03,3053.04323,75527.81958,4763
SAGER,2025-04,3683.47785,114828.6866,7814
SAGER,2025-05,5213.47774,131256.0736,8542
SAGER,2025-06,5043.47781,127757.378,8167
SAGER,2025-07,4494.78224,163943.8147,9760
SAGER,2025-08,4513.56456,174222.9476,10082
SAGER,2025-09,5308.0867,142762.3421,8896
SAGER,2025-10,5165.21713,127853.0381,8204
SHARORA Fran,2024-01,1842.47811,58704.47199,3577
SHARORA Fran,2024-02,1884.60845,59958.69276,3707
SHARORA Fran,2024-03,1349.5651,48293.03959,2979
SHARORA Fran,2024-04,2746.08649,57539.9523,3679
SHARORA Fran,2024-05,2022.60847,86446.03593,5133
SHARORA Fran,2024-06,1758.26064,82861.90611,4737
SHARORA Fran,2024-07,2593.04325,90233.3822,5035
SHARORA Fran,2024-08,2819.1301,96937.38362,6071
SHARORA Fran,2024-09,2893.73912,87892.51592,6002
SHARORA Fran,2024-10,3829.56419,93874.77814,6526
SHARORA Fran,2024-11,3769.91239,75786.60431,5332
SHARORA Fran,2024-12,3514.71262,75727.8925,5424
SHARORA Fran,2025-01,3332.60865,75252.60509,5132
SHARORA Fran,2025-02,3589.99988,79016.08452,5675
SHARORA Fran,2025-03,2292.17384,62311.29894,3996
SHARORA Fran,2025-04,3070.43455,86310.42736,5944
SHARORA Fran,2025-05,3139.56498,87645.64476,6187
SHARORA Fran,2025-06,3297.52154,81458.12461,5506
SHARORA Fran,2025-07,2430.69543,75373.64789,4988
SHARORA Fran,2025-08,2776.43448,76015.7357,5239
SHARORA Fran,2025-09,3126.43456,77114.43334,5484
SHARORA Fran,2025-10,3352.13029,75747.86903,5512
SHORFA,2024-01,2915.95627,90167.51378,7127
SHORFA,2024-02,2758.73889,96047.7828,7438
SHORFA,2024-03,2271.30434,78143.47658,6271
SHORFA,2024-04,3926.08662,106893.474,8186
SHORFA,2024-05,5201.08624,126742.6455,9980
SHORFA,2024-06,4073.91256,143459.9905,10228
SHORFA,2024-07,5593.91243,154755.2055,11080
SHORFA,2024-08,4315.65162,157822.5966,11114
SHORFA,2024-09,4282.60862,140934.601,10870
SHORFA,2024-10,5916.95512,147860.4278,11498
SHORFA,2024-11,4495.21677,135641.2973,10362
SHORFA,2024-12,5153.47768,129249.9943,10091
SHORFA,2025-01,5057.1305,127597.6472,10131
SHORFA,2025-02,4848.26073,134971.7322,10098
SHORFA,2025-03,4153.91274,120183.4719,8862
SHORFA,2025-04,5492.17327,168301.7278,12170
SHORFA,2025-05,6944.78194,178775.2016,12457
SHORFA,2025-06,7287.47743,188012.5065,12355
SHORFA,2025-07,7246.9557,208651.292,13221
SHORFA,2025-08,6567.82518,209686.0766,12958
SHORFA,2025-09,8515.41434,171501.969,11867
SHORFA,2025-10,8034.60828,167234.0821,11741
Sarat Ebida,2025-05,1001.30427,106310.8562,4593
Sarat Ebida,2025-06,2353.04355,123973.0299,5409
Sarat Ebida,2025-07,2210.39095,159646.9909,6860
Sarat Ebida,2025-08,3225.48869,166401.46,7198
Sarat Ebida,2025-09,1320.78249,82053.12702,4149
Sarat Ebida,2025-10,1390.26078,71796.6925,3864
Tabouk-Sultana Fran,2024-12,2406.71277,47798.84794,3070
Tabouk-Sultana Fran,2025-01,1877.82674,63134.34294,4289
Tabouk-Sultana Fran,2025-02,3406.43475,56973.99646,3997
Tabouk-Sultana Fran,2025-03,1036.26089,51457.6472,3156
Tabouk-Sultana Fran,2025-04,1012.1738,63109.55885,4610
Tabouk-Sultana Fran,2025-05,2757.82582,69979.12144,5124
Tabouk-Sultana Fran,2025-06,1736.26088,62176.99173,4415
Tabouk-Sultana Fran,2025-07,1474.21739,61486.82028,4497
Tabouk-Sultana Fran,2025-08,1921.06506,64262.40847,4689
Tabouk-Sultana Fran,2025-09,1942.95645,66054.43024,4716
Tabouk-Sultana Fran,2025-10,2893.82627,71299.21325,5135
Taslal,2025-08,0,13.04348,1
Taslal,2025-09,119.73912,6568.95633,451
Taslal,2025-10,1055.47824,29831.47801,2159
Tbouk-alBowady Fran,2024-07,0,52.65217,3
Tbouk-alBowady Fran,2024-09,0,86.08695,4
Tbouk-alBowady Fran,2024-10,767.65183,41376.68923,2047
Tbouk-alBowady Fran,2024-11,1063.65181,109772.8559,6437
Tbouk-alBowady Fran,2024-12,2663.35625,98227.93857,6431
Tbouk-alBowady Fran,2025-01,1626.52198,77055.21073,5439
Tbouk-alBowady Fran,2025-02,2424.1739,72339.95092,5318
Tbouk-alBowady Fran,2025-03,833.04342,70564.3401,4806
Tbouk-alBowady Fran,2025-04,1003.47816,79619.99048,5967
Tbouk-alBowady Fran,2025-05,1952.17367,89649.55288,6463
Tbouk-alBowady Fran,2025-06,1605.21714,84066.94483,6129
Tbouk-alBowady Fran,2025-07,1130.08678,78629.7312,5878
Tbouk-alBowady Fran,2025-08,1529.43451,80976.64485,5791
Tbouk-alBowady Fran,2025-09,1372.52159,69923.99476,5168
Tbouk-alBowady Fran,2025-10,1201.3042,68859.56012,5239
Turbaa Fran,2024-01,847.17394,44458.90931,2724
Turbaa Fran,2024-02,857.50432,38423.36323,2421
Turbaa Fran,2024-03,371.13041,33838.43276,2165
Turbaa Fran,2024-04,831.3042,39521.73591,2543
Turbaa Fran,2024-05,449.56517,34037.38763,2291
Turbaa Fran,2024-06,415.65211,42923.47413,2652
Turbaa Fran,2024-07,279.99999,41134.77796,2392
Turbaa Fran,2024-08,1024.3478,43480.86464,2555
Turbaa Fran,2024-09,605.21734,34704.17062,2121
Turbaa Fran,2024-10,604.86946,33138.60552,2129
Turbaa Fran,2024-11,659.56512,39255.21322,2262
Turbaa Fran,2024-12,155.47826,11654.95532,747
Turbaa Fran,2025-01,4930.8696,52156.94942,2859
Turbaa Fran,2025-02,2296.08682,40441.29892,2281
Turbaa Fran,2025-03,359.13039,42353.03805,2635
Turbaa Fran,2025-04,841.73914,38385.21262,2323
Turbaa Fran,2025-05,881.30428,33076.08318,2079
Turbaa Fran,2025-06,412.1739,33011.3009,2110
Turbaa Fran,2025-07,357.3913,31066.43342,1931
Turbaa Fran,2025-08,243.04343,28409.12962,1701
Turbaa Fran,2025-09,457.82611,21180.43397,1381
Turbaa Fran,2025-10,720.2609,19883.21644,1282
Wady branche,2024-11,322.60866,76233.90274,3024
Wady branche,2024-12,1087.37391,89297.83154,3206
Wady branche,2025-01,2073.47846,52962.16678,1879
Wady branche,2025-02,1681.73894,35328.69082,1427
Wady branche,2025-03,50.43477,1863.47812,119
Wady branche,2025-04,1678.26068,63123.47359,4547
Wady branche,2025-05,4296.30405,92879.99105,6724
Wady branche,2025-06,6021.43403,108478.5541,7744
Wady branche,2025-07,6651.08603,177444.5526,10389
Wady branche,2025-08,6301.25992,238286.2009,12219
Wady branche,2025-09,6872.08624,181817.4673,10541
Wady branche,2025-10,6180.52109,176725.5554,10320
Yadma Fran,2025-03,0,878.26086,60
Yadma Fran,2025-04,1183.47813,100128.6849,4960
Yadma Fran,2025-05,2465.21717,92855.64073,4811
Yadma Fran,2025-06,2369.56503,82363.46842,3950
Yadma Fran,2025-07,1552.56503,77529.16782,3470
Yadma Fran,2025-08,1408.08674,78671.03757,3772
Yadma Fran,2025-09,1550.78249,55591.82224,3147
Yadma Fran,2025-10,2200.60854,54552.43114,3100
al-hussien,2024-01,1565.91289,47215.82113,3565
al-hussien,2024-02,2162.60855,51925.04362,3876
al-hussien,2024-03,2440.86953,52952.17229,4069
al-hussien,2024-04,3293.0431,94479.1231,5673
al-hussien,2024-05,3867.82547,104154.6433,6931
al-hussien,2024-06,4386.95594,130092.3797,8138
al-hussien,2024-07,6577.39042,139732.3786,8702
al-hussien,2024-08,4268.69505,137949.5521,8567
al-hussien,2024-09,3567.30402,108684.3403,7421
al-hussien,2024-10,5479.17247,111166.9057,7306
al-hussien,2024-11,3658.86905,111179.383,7247
al-hussien,2024-12,5293.73874,108926.2542,7451
al-hussien,2025-01,4714.78286,110370.429,7500
al-hussien,2025-02,5262.60847,124101.7302,7620
al-hussien,2025-03,4369.56496,134593.0341,7966
al-hussien,2025-04,5281.30365,166692.5966,9610
al-hussien,2025-05,5394.34738,170949.9844,9497
al-hussien,2025-06,5305.21717,178130.4196,9201
al-hussien,2025-07,4749.86916,182600.5542,9507
al-hussien,2025-08,6602.7818,188965.9044,9656
al-hussien,2025-09,5548.34735,161442.0802,9021
al-hussien,2025-10,5750.84943,159646.5349,9072
jarir,2024-01,1321.913,35294.60506,2186
jarir,2024-02,1623.21728,36833.65079,2419
jarir,2024-03,1094.65201,32857.52022,2185
jarir,2024-04,1809.56497,39512.56272,2722
jarir,2024-05,3053.91247,58080.29978,4052
jarir,2024-06,2575.65181,51029.99554,2938
jarir,2024-07,4532.17321,59164.5592,3391
jarir,2024-08,3044.34732,64620.86328,3630
jarir,2024-09,3743.30393,60697.38594,3408
jarir,2024-10,3490.60774,65677.21214,3554
jarir,2024-11,3330.43422,60811.29992,3329
jarir,2024-12,3169.35619,62674.98717,3478
jarir,2025-01,3443.47826,60077.38764,3394
jarir,2025-02,5376.52132,59799.99684,3439
jarir,2025-03,2817.39118,57502.60688,3129
jarir,2025-04,3108.91272,75142.38853,4320
jarir,2025-05,6059.12984,84404.56157,4945
jarir,2025-06,5787.30371,80945.51866,4468
jarir,2025-07,5352.17344,83447.73619,4579
jarir,2025-08,6405.65183,83944.99968,4724
jarir,2025-09,9441.04304,93153.7389,5120
jarir,2025-10,5932.47766,89611.00152,4926
kamis aldiafa fran,2025-05,749.56507,3414.7823,251
kamis aldiafa fran,2025-06,3147.52128,44148.995,3131
kamis aldiafa fran,2025-07,2518.91263,69433.95548,4207
kamis aldiafa fran,2025-08,2330.0173,58796.06822,3567
kamis aldiafa fran,2025-09,5686.78269,52932.34699,3429
kamis aldiafa fran,2025-10,2559.13075,59369.56384,3707
kamisMshit Fran,2024-01,380.95652,20479.25936,1591
kamisMshit Fran,2024-02,956.4347,30573.04233,2310
kamisMshit Fran,2024-03,792.17384,20634.78181,1671
kamisMshit Fran,2024-04,780.86947,23184.34672,1839
kamisMshit Fran,2024-05,788.69558,32697.56255,2502
kamisMshit Fran,2024-06,1155.65201,35834.77886,2529
kamisMshit Fran,2024-07,1366.95638,58760.86235,3617
kamisMshit Fran,2024-08,856.52163,51765.21157,3293
kamisMshit Fran,2024-09,536.52175,36176.86599,2747
kamisMshit Fran,2024-10,869.04314,32020.51928,2603
kamisMshit Fran,2024-11,390.60864,28196.34613,2164
kamisMshit Fran,2024-12,506.90422,27594.83386,2291
kamisMshit Fran,2025-01,609.13047,26624.78139,2297
kamisMshit Fran,2025-02,497.3913,27701.73733,2346
kamisMshit Fran,2025-03,302.60869,19115.65122,1430
kamisMshit Fran,2025-04,446.95646,29766.08498,2456
kamisMshit Fran,2025-05,537.82603,33668.25864,2650
kamisMshit Fran,2025-06,771.69564,40659.60524,2950
kamisMshit Fran,2025-07,824.34772,73481.73729,4688
kamisMshit Fran,2025-08,961.95645,81104.12992,4871
kamisMshit Fran,2025-09,1500.7825,48641.82637,3479
kamisMshit Fran,2025-10,1616.43471,51719.21797,3702
magara,2024-01,1974.30418,86162.20992,4352
magara,2024-02,2558.47808,94435.17124,4789
magara,2024-03,3915.95621,75931.86623,4221
magara,2024-04,4731.30381,128248.6871,6313
magara,2024-05,5135.65148,139846.294,7119
magara,2024-06,3966.95611,172654.8137,8346
magara,2024-07,10194.999,231960.1965,10144
magara,2024-08,5437.39062,264506.0598,11237
magara,2024-09,5636.69527,159815.29,7974
magara,2024-10,6272.86792,156502.7709,7821
magara,2024-11,4863.30357,147392.3352,7088
magara,2024-12,6598.52101,139118.8594,6955
magara,2025-01,5483.47867,153052.162,7135
magara,2025-02,5073.04341,164331.2914,7294
magara,2025-03,9607.8252,170446.0723,7642
magara,2025-04,6074.56477,212479.112,9016
magara,2025-05,7371.30352,221913.0213,9265
magara,2025-06,6768.65158,253666.1099,10042
magara,2025-07,6498.73861,325616.8973,12392
magara,2025-08,5935.91243,284091.3798,11485
magara,2025-09,6220.12996,189527.6888,8519
magara,2025-10,5775.39109,151294.1687,7085